<collection xmlns="http://www.loc.gov/MARC21/slim">
<record>
  <leader>01004nam0a22002291i 450 </leader>
  <controlfield tag="001">IT\ICCU\CNCE\073127</controlfield>
  <controlfield tag="005">20080620000000.0</controlfield>
  <datafield tag="012" ind1=" " ind2=" ">
    <subfield code="a">**** *-*- ***, **** (C) 1503 (R)</subfield>
    <subfield code="2">fei</subfield>
  </datafield>
  <datafield tag="100" ind1=" " ind2=" ">
    <subfield code="a">20080529d1503        0itac0103    ba</subfield>
  </datafield>
  <datafield tag="101" ind1=" " ind2=" ">
    <subfield code="a">GRC</subfield>
  </datafield>
  <datafield tag="102" ind1=" " ind2=" ">
    <subfield code="a">IT</subfield>
  </datafield>
  <datafield tag="200" ind1="1" ind2=" ">
    <subfield code="a">℗Oulpianou retoros ℗Prolegomena eis te tous olunthiakous, kai philippikous Demosthenous logous ... Vlpiani commentarioli in olynthiacas, philippicasque Demosthenis orationes ...</subfield>
  </datafield>
  <datafield tag="210" ind1=" " ind2=" ">
    <subfield code="a">\Venezia</subfield>
    <subfield code="c">Aldo Manuzio 1.!</subfield>
    <subfield code="e">Venetiis</subfield>
    <subfield code="g">apud Aldum</subfield>
    <subfield code="h">1503 mense Octob.</subfield>
  </datafield>
  <datafield tag="215" ind1=" " ind2=" ">
    <subfield code="a">\172! c.</subfield>
    <subfield code="d">fol</subfield>
  </datafield>
  <datafield tag="300" ind1=" " ind2=" ">
    <subfield code="a">ANNULLATA  !!!!  vedi 55857</subfield>
  </datafield>
  <datafield tag="620" ind1=" " ind2=" ">
    <subfield code="a">IT</subfield>
    <subfield code="d">Venezia</subfield>
  </datafield>
  <datafield tag="712" ind1="0" ind2="0">
    <subfield code="a">Manuzio, Aldo</subfield>
    <subfield code="c"> &lt;1.&gt;</subfield>
    <subfield code="3">IT\ICCU\CNCT\000200</subfield>
    <subfield code="4">650</subfield>
  </datafield>
  <datafield tag="791" ind1="0" ind2="2">
    <subfield code="a">Aldus Romanus</subfield>
    <subfield code="3">IT\ICCU\CNCT\003957</subfield>
    <subfield code="z">Manuzio, Aldo &lt;1.&gt;</subfield>
  </datafield>
  <datafield tag="791" ind1="0" ind2="0">
    <subfield code="a">Manutius, Aldus</subfield>
    <subfield code="c"> &lt;1.&gt;</subfield>
    <subfield code="3">IT\ICCU\CNCT\005012</subfield>
    <subfield code="z">Manuzio, Aldo &lt;1.&gt;</subfield>
  </datafield>
  <datafield tag="791" ind1="0" ind2="2">
    <subfield code="a">Aldo Romano</subfield>
    <subfield code="3">IT\ICCU\CNCT\005013</subfield>
    <subfield code="z">Manuzio, Aldo &lt;1.&gt;</subfield>
  </datafield>
  <datafield tag="801" ind1=" " ind2="3">
    <subfield code="a">IT</subfield>
    <subfield code="b">ICCU</subfield>
    <subfield code="c">20201115</subfield>
  </datafield>
  <datafield tag="899" ind1=" " ind2=" ">
    <subfield code="a">Biblioteca nazionale Braidense. Milano</subfield>
    <subfield code="1">MI0185</subfield>
    <subfield code="2">MIL NB</subfield>
  </datafield>
</record>
</collection>
